<record xmlns="http://www.loc.gov/MARC21/slim" xmlns:xsi="http://www.w3.org/2001/XMLSchema-instance" xsi:schemaLocation="http://www.loc.gov/MARC21/slim http://www.loc.gov/standards/marcxml/schema/MARC21slim.xsd"><leader>01534nam a2200301   4500</leader><controlfield tag="001">002740947</controlfield><controlfield tag="003">NNU</controlfield><controlfield tag="006">m        d        </controlfield><controlfield tag="007">cr cn |||m|||a</controlfield><controlfield tag="008">150116m19559999ua h    ob    000 0 ara d</controlfield><datafield ind1=" " ind2=" " tag="040"><subfield code="a">NNU</subfield><subfield code="b">eng</subfield><subfield code="c">NNU</subfield></datafield><datafield ind1="1" ind2=" " tag="100"><subfield code="a">Ibn Daq&#299;q al-&#699;&#298;d, Mu&#7717;ammad ibn &#699;Al&#299;,</subfield><subfield code="d">1228-1302.</subfield></datafield><datafield ind1="1" ind2="0" tag="245"><subfield code="a">I&#7717;k&#257;m al-a&#7717;k&#257;m</subfield><subfield code="h">[electronic resource] :</subfield><subfield code="b">shar&#7717; &#699;umdat al-a&#7717;k&#257;m /</subfield><subfield code="c">li-Taq&#299; al-D&#299;n Ab&#299; al-Fat&#7717; al-Shah&#299;r bi- Ibn Daq&#299;q al-&#699;&#299;d.</subfield></datafield><datafield ind1=" " ind2=" " tag="260"><subfield code="a">[Cairo] :</subfield><subfield code="b">Ma&#7789;ba&#699;at al-Sunnah al-Mu&#7717;ammad&#299;yah,</subfield><subfield code="c">1955-</subfield></datafield><datafield ind1=" " ind2=" " tag="300"><subfield code="a">online resource (v.) :</subfield><subfield code="b">facsims.,</subfield></datafield><datafield ind1=" " ind2=" " tag="500"><subfield code="a">Part of the Arabic Collections Online (ACO) project, contributed by New York Univeristy Libraries.</subfield></datafield><datafield ind1=" " ind2=" " tag="504"><subfield code="a">Includes bibliographical rferences</subfield></datafield><datafield ind1=" " ind2=" " tag="533"><subfield code="a">Electronic reproduction.</subfield><subfield code="b">New York, N.Y. :</subfield><subfield code="c">New York University,</subfield><subfield code="d">2015.</subfield><subfield code="5">NNU</subfield></datafield><datafield ind1="1" ind2="0" tag="600"><subfield code="a">Jamm&#257;&#699;&#299;l&#299;, &#699;Abd al-Ghan&#299; ibn &#699;Abd al-W&#257;&#7717;id,</subfield><subfield code="d">1146-1203.</subfield><subfield code="t">&#699;Umdat al-a&#7717;k&#257;m.</subfield></datafield><datafield ind1=" " ind2="0" tag="650"><subfield code="a">Hadith</subfield><subfield code="x">Criticism, interpretation, etc.</subfield><subfield code="v">Early works to 1800.</subfield></datafield><datafield ind1=" " ind2="0" tag="650"><subfield code="a">Islamic law</subfield><subfield code="v">Early works to 1800.</subfield></datafield><datafield ind1="1" ind2=" " tag="700"><subfield code="a">Jamm&#257;&#699;&#299;l&#299;, &#699;Abd al-Ghan&#299; ibn &#699;Abd al-W&#257;&#7717;id,</subfield><subfield code="d">1146-1203.</subfield><subfield code="t">&#699;Umdat al-a&#7717;k&#257;m.</subfield></datafield><datafield ind1="2" ind2=" " tag="710"><subfield code="a">New York University.</subfield><subfield code="b">Libraries.</subfield></datafield><datafield ind1="0" ind2=" " tag="730"><subfield code="a">Arabic Collections Online.</subfield></datafield><datafield ind1="0" ind2="8" tag="776"><subfield code="i">Print version:</subfield><subfield code="a">Ibn Daq&#299;q al-&#699;&#298;d, Mu&#7717;ammad ibn &#699;Al&#299;, 1228-1302.</subfield><subfield code="t">I&#7717;k&#257;m al-a&#7717;k&#257;m</subfield><subfield code="w">(NNU)002740947</subfield></datafield><datafield ind1="4" ind2="0" tag="856"><subfield code="u">http://hdl.handle.net/2333.1/nk98shk1</subfield></datafield><datafield ind1=" " ind2=" " tag="959"><subfield code="a">NNU</subfield><subfield code="b">WEB</subfield><subfield code="c">GENI</subfield><subfield code="t">0</subfield><subfield code="m">Electronic access</subfield><subfield code="s">01</subfield></datafield><datafield ind1=" " ind2=" " tag="999"><subfield code="i">NNU_002740947</subfield><subfield code="o" /><subfield code="e">(ERROR-880)</subfield></datafield></record>